@article{benhabib2018skewed,
	title={Skewed wealth distributions: Theory and empirics},
	author={Benhabib, Jess and Bisin, Alberto},
	journal={Journal of Economic Literature},
	volume={56},
	number={4},
	pages={1261--1291},
	year={2018},
	publisher={American Economic Association 2014 Broadway, Suite 305, Nashville, TN 37203-2425}
}

@article{achdou2022income,
	title={Income and wealth distribution in macroeconomics: A continuous-time approach},
	author={Achdou, Yves and Han, Jiequn and Lasry, Jean-Michel and Lions, Pierre-Louis and Moll, Benjamin},
	journal={The review of economic studies},
	volume={89},
	number={1},
	pages={45--86},
	year={2022},
	publisher={Oxford University Press}
}